%YAML 1.1
%TAG !u! tag:unity3d.com,2011:
--- !u!1 &646423983410705709
GameObject:
  m_ObjectHideFlags: 0
  m_CorrespondingSourceObject: {fileID: 0}
  m_PrefabInstance: {fileID: 0}
  m_PrefabAsset: {fileID: 0}
  serializedVersion: 6
  m_Component:
  - component: {fileID: 6423617657731752854}
  - component: {fileID: 5063449871833358965}
  m_Layer: 0
  m_Name: Floor_A
  m_TagString: Untagged
  m_Icon: {fileID: 0}
  m_NavMeshLayer: 0
  m_StaticEditorFlags: 0
  m_IsActive: 1
--- !u!4 &6423617657731752854
Transform:
  m_ObjectHideFlags: 0
  m_CorrespondingSourceObject: {fileID: 0}
  m_PrefabInstance: {fileID: 0}
  m_PrefabAsset: {fileID: 0}
  m_GameObject: {fileID: 646423983410705709}
  m_LocalRotation: {x: 0, y: 0, z: 0, w: 1}
  m_LocalPosition: {x: 3.379, y: 1.324, z: -1.66}
  m_LocalScale: {x: -0.51214, y: -0.51214, z: -0.51214}
  m_Children:
  - {fileID: 520161843716448264}
  - {fileID: 4421653635788088158}
  - {fileID: 1999258631025194445}
  - {fileID: 1491868008959041572}
  - {fileID: 246322574554644125}
  - {fileID: 767977250517029183}
  - {fileID: 8996722356014478387}
  m_Father: {fileID: 0}
  m_RootOrder: 0
  m_LocalEulerAnglesHint: {x: 0, y: 0, z: 0}
--- !u!65 &5063449871833358965
BoxCollider:
  m_ObjectHideFlags: 0
  m_CorrespondingSourceObject: {fileID: 0}
  m_PrefabInstance: {fileID: 0}
  m_PrefabAsset: {fileID: 0}
  m_GameObject: {fileID: 646423983410705709}
  m_Material: {fileID: 0}
  m_IsTrigger: 0
  m_Enabled: 1
  serializedVersion: 2
  m_Size: {x: 12.824753, y: 25.600393, z: 9.330339}
  m_Center: {x: -0.053385578, y: 12.881788, z: -0.12725791}
--- !u!1001 &53274695399835619
PrefabInstance:
  m_ObjectHideFlags: 0
  serializedVersion: 2
  m_Modification:
    m_TransformParent: {fileID: 6423617657731752854}
    m_Modifications:
    - target: {fileID: -8679921383154817045, guid: 1b976626790c643478c265c4069234fe,
        type: 3}
      propertyPath: m_LocalPosition.x
      value: 0.26077494
      objectReference: {fileID: 0}
    - target: {fileID: -8679921383154817045, guid: 1b976626790c643478c265c4069234fe,
        type: 3}
      propertyPath: m_LocalPosition.y
      value: 8.638263
      objectReference: {fileID: 0}
    - target: {fileID: -8679921383154817045, guid: 1b976626790c643478c265c4069234fe,
        type: 3}
      propertyPath: m_LocalPosition.z
      value: 0.0781038
      objectReference: {fileID: 0}
    - target: {fileID: -8679921383154817045, guid: 1b976626790c643478c265c4069234fe,
        type: 3}
      propertyPath: m_LocalRotation.x
      value: -0.7071068
      objectReference: {fileID: 0}
    - target: {fileID: -8679921383154817045, guid: 1b976626790c643478c265c4069234fe,
        type: 3}
      propertyPath: m_LocalRotation.y
      value: -0
      objectReference: {fileID: 0}
    - target: {fileID: -8679921383154817045, guid: 1b976626790c643478c265c4069234fe,
        type: 3}
      propertyPath: m_LocalRotation.z
      value: -0
      objectReference: {fileID: 0}
    - target: {fileID: -8679921383154817045, guid: 1b976626790c643478c265c4069234fe,
        type: 3}
      propertyPath: m_LocalRotation.w
      value: 0.7071068
      objectReference: {fileID: 0}
    - target: {fileID: -8679921383154817045, guid: 1b976626790c643478c265c4069234fe,
        type: 3}
      propertyPath: m_RootOrder
      value: 0
      objectReference: {fileID: 0}
    - target: {fileID: -8679921383154817045, guid: 1b976626790c643478c265c4069234fe,
        type: 3}
      propertyPath: m_LocalEulerAnglesHint.x
      value: 0
      objectReference: {fileID: 0}
    - target: {fileID: -8679921383154817045, guid: 1b976626790c643478c265c4069234fe,
        type: 3}
      propertyPath: m_LocalEulerAnglesHint.y
      value: 0
      objectReference: {fileID: 0}
    - target: {fileID: -8679921383154817045, guid: 1b976626790c643478c265c4069234fe,
        type: 3}
      propertyPath: m_LocalEulerAnglesHint.z
      value: 0
      objectReference: {fileID: 0}
    - target: {fileID: -8679921383154817045, guid: 1b976626790c643478c265c4069234fe,
        type: 3}
      propertyPath: m_LocalScale.x
      value: -0.19525911
      objectReference: {fileID: 0}
    - target: {fileID: -8679921383154817045, guid: 1b976626790c643478c265c4069234fe,
        type: 3}
      propertyPath: m_LocalScale.y
      value: -0.19525911
      objectReference: {fileID: 0}
    - target: {fileID: -8679921383154817045, guid: 1b976626790c643478c265c4069234fe,
        type: 3}
      propertyPath: m_LocalScale.z
      value: -0.19525911
      objectReference: {fileID: 0}
    - target: {fileID: 919132149155446097, guid: 1b976626790c643478c265c4069234fe,
        type: 3}
      propertyPath: m_Name
      value: Wall_02
      objectReference: {fileID: 0}
    m_RemovedComponents: []
  m_SourcePrefab: {fileID: 100100000, guid: 1b976626790c643478c265c4069234fe, type: 3}
--- !u!4 &520161843716448264 stripped
Transform:
  m_CorrespondingSourceObject: {fileID: -8679921383154817045, guid: 1b976626790c643478c265c4069234fe,
    type: 3}
  m_PrefabInstance: {fileID: 53274695399835619}
  m_PrefabAsset: {fileID: 0}
--- !u!1001 &351743042203441526
PrefabInstance:
  m_ObjectHideFlags: 0
  serializedVersion: 2
  m_Modification:
    m_TransformParent: {fileID: 6423617657731752854}
    m_Modifications:
    - target: {fileID: -8679921383154817045, guid: b1d3431b941e08e498e6a20b2290781e,
        type: 3}
      propertyPath: m_LocalPosition.x
      value: 6.265865
      objectReference: {fileID: 0}
    - target: {fileID: -8679921383154817045, guid: b1d3431b941e08e498e6a20b2290781e,
        type: 3}
      propertyPath: m_LocalPosition.y
      value: 0.6326395
      objectReference: {fileID: 0}
    - target: {fileID: -8679921383154817045, guid: b1d3431b941e08e498e6a20b2290781e,
        type: 3}
      propertyPath: m_LocalPosition.z
      value: 2.2259538
      objectReference: {fileID: 0}
    - target: {fileID: -8679921383154817045, guid: b1d3431b941e08e498e6a20b2290781e,
        type: 3}
      propertyPath: m_LocalRotation.x
      value: 0.00054654403
      objectReference: {fileID: 0}
    - target: {fileID: -8679921383154817045, guid: b1d3431b941e08e498e6a20b2290781e,
        type: 3}
      propertyPath: m_LocalRotation.y
      value: -0.70183426
      objectReference: {fileID: 0}
    - target: {fileID: -8679921383154817045, guid: b1d3431b941e08e498e6a20b2290781e,
        type: 3}
      propertyPath: m_LocalRotation.z
      value: -0.71233845
      objectReference: {fileID: 0}
    - target: {fileID: -8679921383154817045, guid: b1d3431b941e08e498e6a20b2290781e,
        type: 3}
      propertyPath: m_LocalRotation.w
      value: -0.0015146546
      objectReference: {fileID: 0}
    - target: {fileID: -8679921383154817045, guid: b1d3431b941e08e498e6a20b2290781e,
        type: 3}
      propertyPath: m_RootOrder
      value: 4
      objectReference: {fileID: 0}
    - target: {fileID: -8679921383154817045, guid: b1d3431b941e08e498e6a20b2290781e,
        type: 3}
      propertyPath: m_LocalEulerAnglesHint.x
      value: -89.145004
      objectReference: {fileID: 0}
    - target: {fileID: -8679921383154817045, guid: b1d3431b941e08e498e6a20b2290781e,
        type: 3}
      propertyPath: m_LocalEulerAnglesHint.y
      value: 5.182
      objectReference: {fileID: 0}
    - target: {fileID: -8679921383154817045, guid: b1d3431b941e08e498e6a20b2290781e,
        type: 3}
      propertyPath: m_LocalEulerAnglesHint.z
      value: -185.349
      objectReference: {fileID: 0}
    - target: {fileID: -8679921383154817045, guid: b1d3431b941e08e498e6a20b2290781e,
        type: 3}
      propertyPath: m_LocalScale.x
      value: -1.9525912
      objectReference: {fileID: 0}
    - target: {fileID: -8679921383154817045, guid: b1d3431b941e08e498e6a20b2290781e,
        type: 3}
      propertyPath: m_LocalScale.y
      value: -1.9525913
      objectReference: {fileID: 0}
    - target: {fileID: -8679921383154817045, guid: b1d3431b941e08e498e6a20b2290781e,
        type: 3}
      propertyPath: m_LocalScale.z
      value: -1.9525908
      objectReference: {fileID: 0}
    - target: {fileID: 919132149155446097, guid: b1d3431b941e08e498e6a20b2290781e,
        type: 3}
      propertyPath: m_Name
      value: Floor_01
      objectReference: {fileID: 0}
    m_RemovedComponents: []
  m_SourcePrefab: {fileID: 100100000, guid: b1d3431b941e08e498e6a20b2290781e, type: 3}
--- !u!4 &246322574554644125 stripped
Transform:
  m_CorrespondingSourceObject: {fileID: -8679921383154817045, guid: b1d3431b941e08e498e6a20b2290781e,
    type: 3}
  m_PrefabInstance: {fileID: 351743042203441526}
  m_PrefabAsset: {fileID: 0}
--- !u!1001 &946563242222384852
PrefabInstance:
  m_ObjectHideFlags: 0
  serializedVersion: 2
  m_Modification:
    m_TransformParent: {fileID: 6423617657731752854}
    m_Modifications:
    - target: {fileID: -8679921383154817045, guid: b1d3431b941e08e498e6a20b2290781e,
        type: 3}
      propertyPath: m_LocalPosition.x
      value: -6.5040812
      objectReference: {fileID: 0}
    - target: {fileID: -8679921383154817045, guid: b1d3431b941e08e498e6a20b2290781e,
        type: 3}
      propertyPath: m_LocalPosition.y
      value: 0.63263977
      objectReference: {fileID: 0}
    - target: {fileID: -8679921383154817045, guid: b1d3431b941e08e498e6a20b2290781e,
        type: 3}
      propertyPath: m_LocalPosition.z
      value: 2.1869025
      objectReference: {fileID: 0}
    - target: {fileID: -8679921383154817045, guid: b1d3431b941e08e498e6a20b2290781e,
        type: 3}
      propertyPath: m_LocalRotation.x
      value: -0.7071068
      objectReference: {fileID: 0}
    - target: {fileID: -8679921383154817045, guid: b1d3431b941e08e498e6a20b2290781e,
        type: 3}
      propertyPath: m_LocalRotation.y
      value: -4.6566123e-10
      objectReference: {fileID: 0}
    - target: {fileID: -8679921383154817045, guid: b1d3431b941e08e498e6a20b2290781e,
        type: 3}
      propertyPath: m_LocalRotation.z
      value: -4.6566123e-10
      objectReference: {fileID: 0}
    - target: {fileID: -8679921383154817045, guid: b1d3431b941e08e498e6a20b2290781e,
        type: 3}
      propertyPath: m_LocalRotation.w
      value: 0.7071068
      objectReference: {fileID: 0}
    - target: {fileID: -8679921383154817045, guid: b1d3431b941e08e498e6a20b2290781e,
        type: 3}
      propertyPath: m_RootOrder
      value: 5
      objectReference: {fileID: 0}
    - target: {fileID: -8679921383154817045, guid: b1d3431b941e08e498e6a20b2290781e,
        type: 3}
      propertyPath: m_LocalEulerAnglesHint.x
      value: -90.00001
      objectReference: {fileID: 0}
    - target: {fileID: -8679921383154817045, guid: b1d3431b941e08e498e6a20b2290781e,
        type: 3}
      propertyPath: m_LocalEulerAnglesHint.y
      value: 0
      objectReference: {fileID: 0}
    - target: {fileID: -8679921383154817045, guid: b1d3431b941e08e498e6a20b2290781e,
        type: 3}
      propertyPath: m_LocalEulerAnglesHint.z
      value: 0
      objectReference: {fileID: 0}
    - target: {fileID: -8679921383154817045, guid: b1d3431b941e08e498e6a20b2290781e,
        type: 3}
      propertyPath: m_LocalScale.y
      value: 1.9525918
      objectReference: {fileID: 0}
    - target: {fileID: -8679921383154817045, guid: b1d3431b941e08e498e6a20b2290781e,
        type: 3}
      propertyPath: m_LocalScale.x
      value: -1.9525919
      objectReference: {fileID: 0}
    - target: {fileID: -8679921383154817045, guid: b1d3431b941e08e498e6a20b2290781e,
        type: 3}
      propertyPath: m_LocalScale.z
      value: -1.9525911
      objectReference: {fileID: 0}
    - target: {fileID: 919132149155446097, guid: b1d3431b941e08e498e6a20b2290781e,
        type: 3}
      propertyPath: m_Name
      value: Floor_01 (3)
      objectReference: {fileID: 0}
    m_RemovedComponents: []
  m_SourcePrefab: {fileID: 100100000, guid: b1d3431b941e08e498e6a20b2290781e, type: 3}
--- !u!4 &767977250517029183 stripped
Transform:
  m_CorrespondingSourceObject: {fileID: -8679921383154817045, guid: b1d3431b941e08e498e6a20b2290781e,
    type: 3}
  m_PrefabInstance: {fileID: 946563242222384852}
  m_PrefabAsset: {fileID: 0}
--- !u!1001 &1386712250009028559
PrefabInstance:
  m_ObjectHideFlags: 0
  serializedVersion: 2
  m_Modification:
    m_TransformParent: {fileID: 6423617657731752854}
    m_Modifications:
    - target: {fileID: -8679921383154817045, guid: b1d3431b941e08e498e6a20b2290781e,
        type: 3}
      propertyPath: m_LocalPosition.x
      value: 6.2734213
      objectReference: {fileID: 0}
    - target: {fileID: -8679921383154817045, guid: b1d3431b941e08e498e6a20b2290781e,
        type: 3}
      propertyPath: m_LocalPosition.y
      value: 0.63443595
      objectReference: {fileID: 0}
    - target: {fileID: -8679921383154817045, guid: b1d3431b941e08e498e6a20b2290781e,
        type: 3}
      propertyPath: m_LocalPosition.z
      value: -2.5628734
      objectReference: {fileID: 0}
    - target: {fileID: -8679921383154817045, guid: b1d3431b941e08e498e6a20b2290781e,
        type: 3}
      propertyPath: m_LocalRotation.x
      value: -0.005220399
      objectReference: {fileID: 0}
    - target: {fileID: -8679921383154817045, guid: b1d3431b941e08e498e6a20b2290781e,
        type: 3}
      propertyPath: m_LocalRotation.y
      value: -0.7070875
      objectReference: {fileID: 0}
    - target: {fileID: -8679921383154817045, guid: b1d3431b941e08e498e6a20b2290781e,
        type: 3}
      propertyPath: m_LocalRotation.z
      value: -0.7070875
      objectReference: {fileID: 0}
    - target: {fileID: -8679921383154817045, guid: b1d3431b941e08e498e6a20b2290781e,
        type: 3}
      propertyPath: m_LocalRotation.w
      value: 0.005220399
      objectReference: {fileID: 0}
    - target: {fileID: -8679921383154817045, guid: b1d3431b941e08e498e6a20b2290781e,
        type: 3}
      propertyPath: m_RootOrder
      value: 3
      objectReference: {fileID: 0}
    - target: {fileID: -8679921383154817045, guid: b1d3431b941e08e498e6a20b2290781e,
        type: 3}
      propertyPath: m_LocalEulerAnglesHint.x
      value: -90
      objectReference: {fileID: 0}
    - target: {fileID: -8679921383154817045, guid: b1d3431b941e08e498e6a20b2290781e,
        type: 3}
      propertyPath: m_LocalEulerAnglesHint.y
      value: 18.845993
      objectReference: {fileID: 0}
    - target: {fileID: -8679921383154817045, guid: b1d3431b941e08e498e6a20b2290781e,
        type: 3}
      propertyPath: m_LocalEulerAnglesHint.z
      value: -198
      objectReference: {fileID: 0}
    - target: {fileID: -8679921383154817045, guid: b1d3431b941e08e498e6a20b2290781e,
        type: 3}
      propertyPath: m_LocalScale.y
      value: 1.9525912
      objectReference: {fileID: 0}
    - target: {fileID: -8679921383154817045, guid: b1d3431b941e08e498e6a20b2290781e,
        type: 3}
      propertyPath: m_LocalScale.x
      value: -1.9525912
      objectReference: {fileID: 0}
    - target: {fileID: -8679921383154817045, guid: b1d3431b941e08e498e6a20b2290781e,
        type: 3}
      propertyPath: m_LocalScale.z
      value: -1.9525912
      objectReference: {fileID: 0}
    - target: {fileID: 919132149155446097, guid: b1d3431b941e08e498e6a20b2290781e,
        type: 3}
      propertyPath: m_Name
      value: Floor_01 (1)
      objectReference: {fileID: 0}
    m_RemovedComponents: []
  m_SourcePrefab: {fileID: 100100000, guid: b1d3431b941e08e498e6a20b2290781e, type: 3}
--- !u!4 &1491868008959041572 stripped
Transform:
  m_CorrespondingSourceObject: {fileID: -8679921383154817045, guid: b1d3431b941e08e498e6a20b2290781e,
    type: 3}
  m_PrefabInstance: {fileID: 1386712250009028559}
  m_PrefabAsset: {fileID: 0}
--- !u!1001 &2032375073911771686
PrefabInstance:
  m_ObjectHideFlags: 0
  serializedVersion: 2
  m_Modification:
    m_TransformParent: {fileID: 6423617657731752854}
    m_Modifications:
    - target: {fileID: -8679921383154817045, guid: b1d3431b941e08e498e6a20b2290781e,
        type: 3}
      propertyPath: m_LocalPosition.x
      value: -6.562659
      objectReference: {fileID: 0}
    - target: {fileID: -8679921383154817045, guid: b1d3431b941e08e498e6a20b2290781e,
        type: 3}
      propertyPath: m_LocalPosition.y
      value: 0.7224002
      objectReference: {fileID: 0}
    - target: {fileID: -8679921383154817045, guid: b1d3431b941e08e498e6a20b2290781e,
        type: 3}
      propertyPath: m_LocalPosition.z
      value: -2.2650056
      objectReference: {fileID: 0}
    - target: {fileID: -8679921383154817045, guid: b1d3431b941e08e498e6a20b2290781e,
        type: 3}
      propertyPath: m_LocalRotation.x
      value: -0.7071068
      objectReference: {fileID: 0}
    - target: {fileID: -8679921383154817045, guid: b1d3431b941e08e498e6a20b2290781e,
        type: 3}
      propertyPath: m_LocalRotation.y
      value: -0
      objectReference: {fileID: 0}
    - target: {fileID: -8679921383154817045, guid: b1d3431b941e08e498e6a20b2290781e,
        type: 3}
      propertyPath: m_LocalRotation.z
      value: -0
      objectReference: {fileID: 0}
    - target: {fileID: -8679921383154817045, guid: b1d3431b941e08e498e6a20b2290781e,
        type: 3}
      propertyPath: m_LocalRotation.w
      value: 0.7071068
      objectReference: {fileID: 0}
    - target: {fileID: -8679921383154817045, guid: b1d3431b941e08e498e6a20b2290781e,
        type: 3}
      propertyPath: m_RootOrder
      value: 2
      objectReference: {fileID: 0}
    - target: {fileID: -8679921383154817045, guid: b1d3431b941e08e498e6a20b2290781e,
        type: 3}
      propertyPath: m_LocalEulerAnglesHint.x
      value: 0
      objectReference: {fileID: 0}
    - target: {fileID: -8679921383154817045, guid: b1d3431b941e08e498e6a20b2290781e,
        type: 3}
      propertyPath: m_LocalEulerAnglesHint.y
      value: 0
      objectReference: {fileID: 0}
    - target: {fileID: -8679921383154817045, guid: b1d3431b941e08e498e6a20b2290781e,
        type: 3}
      propertyPath: m_LocalEulerAnglesHint.z
      value: 0
      objectReference: {fileID: 0}
    - target: {fileID: -8679921383154817045, guid: b1d3431b941e08e498e6a20b2290781e,
        type: 3}
      propertyPath: m_LocalScale.x
      value: -1.9525912
      objectReference: {fileID: 0}
    - target: {fileID: -8679921383154817045, guid: b1d3431b941e08e498e6a20b2290781e,
        type: 3}
      propertyPath: m_LocalScale.y
      value: -1.9525911
      objectReference: {fileID: 0}
    - target: {fileID: -8679921383154817045, guid: b1d3431b941e08e498e6a20b2290781e,
        type: 3}
      propertyPath: m_LocalScale.z
      value: -1.9525911
      objectReference: {fileID: 0}
    - target: {fileID: 919132149155446097, guid: b1d3431b941e08e498e6a20b2290781e,
        type: 3}
      propertyPath: m_Name
      value: Floor_01 (2)
      objectReference: {fileID: 0}
    m_RemovedComponents: []
  m_SourcePrefab: {fileID: 100100000, guid: b1d3431b941e08e498e6a20b2290781e, type: 3}
--- !u!4 &1999258631025194445 stripped
Transform:
  m_CorrespondingSourceObject: {fileID: -8679921383154817045, guid: b1d3431b941e08e498e6a20b2290781e,
    type: 3}
  m_PrefabInstance: {fileID: 2032375073911771686}
  m_PrefabAsset: {fileID: 0}
--- !u!1001 &4239690394575291573
PrefabInstance:
  m_ObjectHideFlags: 0
  serializedVersion: 2
  m_Modification:
    m_TransformParent: {fileID: 6423617657731752854}
    m_Modifications:
    - target: {fileID: -8679921383154817045, guid: 5d550110b158eee4e95ef10539036a69,
        type: 3}
      propertyPath: m_LocalPosition.x
      value: 0.11520291
      objectReference: {fileID: 0}
    - target: {fileID: -8679921383154817045, guid: 5d550110b158eee4e95ef10539036a69,
        type: 3}
      propertyPath: m_LocalPosition.y
      value: 0.2616471
      objectReference: {fileID: 0}
    - target: {fileID: -8679921383154817045, guid: 5d550110b158eee4e95ef10539036a69,
        type: 3}
      propertyPath: m_LocalPosition.z
      value: -0.07810357
      objectReference: {fileID: 0}
    - target: {fileID: -8679921383154817045, guid: 5d550110b158eee4e95ef10539036a69,
        type: 3}
      propertyPath: m_LocalRotation.x
      value: -0.7071068
      objectReference: {fileID: 0}
    - target: {fileID: -8679921383154817045, guid: 5d550110b158eee4e95ef10539036a69,
        type: 3}
      propertyPath: m_LocalRotation.y
      value: -0
      objectReference: {fileID: 0}
    - target: {fileID: -8679921383154817045, guid: 5d550110b158eee4e95ef10539036a69,
        type: 3}
      propertyPath: m_LocalRotation.z
      value: -0
      objectReference: {fileID: 0}
    - target: {fileID: -8679921383154817045, guid: 5d550110b158eee4e95ef10539036a69,
        type: 3}
      propertyPath: m_LocalRotation.w
      value: 0.7071068
      objectReference: {fileID: 0}
    - target: {fileID: -8679921383154817045, guid: 5d550110b158eee4e95ef10539036a69,
        type: 3}
      propertyPath: m_RootOrder
      value: 1
      objectReference: {fileID: 0}
    - target: {fileID: -8679921383154817045, guid: 5d550110b158eee4e95ef10539036a69,
        type: 3}
      propertyPath: m_LocalEulerAnglesHint.x
      value: 0
      objectReference: {fileID: 0}
    - target: {fileID: -8679921383154817045, guid: 5d550110b158eee4e95ef10539036a69,
        type: 3}
      propertyPath: m_LocalEulerAnglesHint.y
      value: 0
      objectReference: {fileID: 0}
    - target: {fileID: -8679921383154817045, guid: 5d550110b158eee4e95ef10539036a69,
        type: 3}
      propertyPath: m_LocalEulerAnglesHint.z
      value: 0
      objectReference: {fileID: 0}
    - target: {fileID: -8679921383154817045, guid: 5d550110b158eee4e95ef10539036a69,
        type: 3}
      propertyPath: m_LocalScale.x
      value: -1.9525912
      objectReference: {fileID: 0}
    - target: {fileID: -8679921383154817045, guid: 5d550110b158eee4e95ef10539036a69,
        type: 3}
      propertyPath: m_LocalScale.y
      value: -1.9525911
      objectReference: {fileID: 0}
    - target: {fileID: -8679921383154817045, guid: 5d550110b158eee4e95ef10539036a69,
        type: 3}
      propertyPath: m_LocalScale.z
      value: -1.9525911
      objectReference: {fileID: 0}
    - target: {fileID: 919132149155446097, guid: 5d550110b158eee4e95ef10539036a69,
        type: 3}
      propertyPath: m_Name
      value: Wall_01
      objectReference: {fileID: 0}
    m_RemovedComponents: []
  m_SourcePrefab: {fileID: 100100000, guid: 5d550110b158eee4e95ef10539036a69, type: 3}
--- !u!4 &4421653635788088158 stripped
Transform:
  m_CorrespondingSourceObject: {fileID: -8679921383154817045, guid: 5d550110b158eee4e95ef10539036a69,
    type: 3}
  m_PrefabInstance: {fileID: 4239690394575291573}
  m_PrefabAsset: {fileID: 0}
--- !u!1001 &8885740799018636248
PrefabInstance:
  m_ObjectHideFlags: 0
  serializedVersion: 2
  m_Modification:
    m_TransformParent: {fileID: 6423617657731752854}
    m_Modifications:
    - target: {fileID: -8679921383154817045, guid: 1b976626790c643478c265c4069234fe,
        type: 3}
      propertyPath: m_LocalPosition.x
      value: 0.26077494
      objectReference: {fileID: 0}
    - target: {fileID: -8679921383154817045, guid: 1b976626790c643478c265c4069234fe,
        type: 3}
      propertyPath: m_LocalPosition.y
      value: 16.995354
      objectReference: {fileID: 0}
    - target: {fileID: -8679921383154817045, guid: 1b976626790c643478c265c4069234fe,
        type: 3}
      propertyPath: m_LocalPosition.z
      value: 0.0781038
      objectReference: {fileID: 0}
    - target: {fileID: -8679921383154817045, guid: 1b976626790c643478c265c4069234fe,
        type: 3}
      propertyPath: m_LocalRotation.x
      value: 0.7071027
      objectReference: {fileID: 0}
    - target: {fileID: -8679921383154817045, guid: 1b976626790c643478c265c4069234fe,
        type: 3}
      propertyPath: m_LocalRotation.y
      value: 0.0024106943
      objectReference: {fileID: 0}
    - target: {fileID: -8679921383154817045, guid: 1b976626790c643478c265c4069234fe,
        type: 3}
      propertyPath: m_LocalRotation.z
      value: 0.0024106943
      objectReference: {fileID: 0}
    - target: {fileID: -8679921383154817045, guid: 1b976626790c643478c265c4069234fe,
        type: 3}
      propertyPath: m_LocalRotation.w
      value: -0.7071027
      objectReference: {fileID: 0}
    - target: {fileID: -8679921383154817045, guid: 1b976626790c643478c265c4069234fe,
        type: 3}
      propertyPath: m_RootOrder
      value: 6
      objectReference: {fileID: 0}
    - target: {fileID: -8679921383154817045, guid: 1b976626790c643478c265c4069234fe,
        type: 3}
      propertyPath: m_LocalEulerAnglesHint.x
      value: -90.00001
      objectReference: {fileID: 0}
    - target: {fileID: -8679921383154817045, guid: 1b976626790c643478c265c4069234fe,
        type: 3}
      propertyPath: m_LocalEulerAnglesHint.y
      value: 0
      objectReference: {fileID: 0}
    - target: {fileID: -8679921383154817045, guid: 1b976626790c643478c265c4069234fe,
        type: 3}
      propertyPath: m_LocalEulerAnglesHint.z
      value: 359.609
      objectReference: {fileID: 0}
    - target: {fileID: -8679921383154817045, guid: 1b976626790c643478c265c4069234fe,
        type: 3}
      propertyPath: m_LocalScale.x
      value: -0.19525912
      objectReference: {fileID: 0}
    - target: {fileID: -8679921383154817045, guid: 1b976626790c643478c265c4069234fe,
        type: 3}
      propertyPath: m_LocalScale.y
      value: -0.19525914
      objectReference: {fileID: 0}
    - target: {fileID: -8679921383154817045, guid: 1b976626790c643478c265c4069234fe,
        type: 3}
      propertyPath: m_LocalScale.z
      value: -0.19525911
      objectReference: {fileID: 0}
    - target: {fileID: 919132149155446097, guid: 1b976626790c643478c265c4069234fe,
        type: 3}
      propertyPath: m_Name
      value: Wall_02 (1)
      objectReference: {fileID: 0}
    m_RemovedComponents: []
  m_SourcePrefab: {fileID: 100100000, guid: 1b976626790c643478c265c4069234fe, type: 3}
--- !u!4 &8996722356014478387 stripped
Transform:
  m_CorrespondingSourceObject: {fileID: -8679921383154817045, guid: 1b976626790c643478c265c4069234fe,
    type: 3}
  m_PrefabInstance: {fileID: 8885740799018636248}
  m_PrefabAsset: {fileID: 0}
